% This file was created with JabRef 2.4.2.
% Encoding: MacRoman

@BOOK{Benyus1998,
  title = {Biomimicry: Innovation Inspired by Nature},
  publisher = {HarperCollins Publishers},
  year = {1998},
  author = {Janine M. Benyus},
  owner = {jasonb},
  timestamp = {2009.01.03}
}

@ARTICLE{Blum2003,
  author = {Christian Blum and Andrea Roli},
  title = {Metaheuristics in combinatorial optimization: Overview and conceptual
	comparison},
  journal = {ACM Computing Surveys (CSUR)},
  year = {2003},
  volume = {35},
  pages = {268--308},
  number = {3},
  owner = {jasonb},
  timestamp = {2009.01.03}
}

@BOOK{Castro2005,
  title = {Recent Developments in Biologically Inspired Computing},
  publisher = {Idea Group Inc (IGI)},
  year = {2005},
  author = {Leandro N. De Castro and Fernando J. Von Zuben},
  owner = {jasonb},
  timestamp = {2009.01.03}
}

@BOOK{Engelbrecht2007,
  title = {Computational Intelligence: An Introduction},
  publisher = {John Wiley and Sons},
  year = {2007},
  author = {Andries P. Engelbrecht},
  owner = {jasonb},
  timestamp = {2009.01.03}
}

@BOOK{Flanagan2008,
  title = {The Ruby Programming Language},
  publisher = {O'Reilly},
  year = {2008},
  author = {David Flanagan and Yukihiro Matsumoto},
  owner = {jasonb},
  timestamp = {2009.01.03}
}

@BOOK{Forbes2005,
  title = {Imitation of life: How Biology Is Inspiring Computing},
  publisher = {Mit Press},
  year = {2005},
  author = {Nancy Forbes},
  owner = {jasonb},
  timestamp = {2009.01.03}
}

@BOOK{Luger1993,
  title = {Artificial Intelligence: Structures and Strategies for Complex Problem
	Solving},
  publisher = {Benjamin/Cummings Pub. Co.},
  year = {1993},
  author = {George F. Luger and William A. Stubblefield},
  owner = {jasonb},
  timestamp = {2009.01.03}
}

@BOOK{Russell2003,
  title = {Artificial Intelligence: A Modern Approach},
  publisher = {Prentice Hall},
  year = {2003},
  author = {Stuart Jonathan Russell and Peter Norvig and John F. Canny},
  owner = {jasonb},
  timestamp = {2009.01.03}
}

@BOOK{Thomas2004,
  title = {Programming Ruby: The Pragmatic Programmers Guide},
  publisher = {Pragmatic Bookshelf},
  year = {2004},
  author = {David Thomas and Chad Fowler and Andrew Hunt},
  owner = {jasonb},
  timestamp = {2009.01.03}
}

