% This file was created with JabRef 2.5.
% Encoding: MacRoman

@TECHREPORT{Brownlee2010,
  author = {Jason Brownlee},
  title = {The Clever Algorithms Project: Overview},
  institution = {The Clever Algorithms Project http://www.CleverAlgorithms.com},
  year = {2010},
  number = {CA-TR-20100105-1},
  month = {January},
  owner = {jasonb},
  timestamp = {2010.01.05}
}

@TECHREPORT{Brownlee2010a,
  author = {Jason Brownlee},
  title = {A Template for Standardized Algorithm Descriptions},
  institution = {The Clever Algorithms Project http://www.CleverAlgorithms.com},
  year = {2010},
  number = {CA-TR-20100107-1},
  month = {January},
  owner = {jasonb},
  timestamp = {2010.01.05}
}

@TECHREPORT{Brownlee2007,
  author = {Jason Brownlee},
  title = {{OAT}: The Optimization Algorithm Toolkit},
  institution = {Complex Intelligent Systems Laboratory, Centre for Information Technology
	Research, Faculty of Information and Communication Technologies,
	Swinburne University of Technology},
  year = {2007},
  number = {20071220A},
  month = {December},
  owner = {jasonb},
  timestamp = {2010.01.07}
}

@BOOK{Chacon2009,
  title = {Pro Git},
  publisher = {Apress},
  year = {2009},
  author = {Scott Chacon},
  owner = {jasonb},
  timestamp = {2010.01.07}
}

@BOOK{Charras2004,
  title = {Handbook of Exact String Matching Algorithms},
  publisher = {King's College Publications},
  year = {2004},
  author = {Christian Charras and Thierry Lecroq},
  owner = {jasonb},
  timestamp = {2010.01.07}
}

@ARTICLE{Hall2009,
  author = {Hall, Mark and Frank, Eibe and Holmes, Geoffrey and Pfahringer, Bernhard
	and Reutemann, Peter and Witten, Ian H.},
  title = {The WEKA data mining software: an update},
  journal = {SIGKDD Explor. Newsl.},
  year = {2009},
  volume = {11},
  pages = {10--18},
  number = {1},
  __markedentry = {[jasonb]},
  address = {New York, NY, USA},
  doi = {http://doi.acm.org/10.1145/1656274.1656278},
  issn = {1931-0145},
  owner = {jasonb},
  publisher = {ACM},
  timestamp = {2010.01.07}
}

@BOOK{Minsky1988,
  title = {Society of Mind},
  publisher = {Simon and Schuster},
  year = {1988},
  author = {Marvin Minsky},
  owner = {jasonb},
  timestamp = {2010.01.07}
}

@comment{jabref-meta: selector_publisher:}

@comment{jabref-meta: selector_author:}

@comment{jabref-meta: selector_journal:}

@comment{jabref-meta: selector_keywords:}

